<record xmlns="http://www.loc.gov/MARC21/slim" xmlns:xsi="http://www.w3.org/2001/XMLSchema-instance" xsi:schemaLocation="http://www.loc.gov/MARC21/slim http://www.loc.gov/standards/marcxml/schema/MARC21slim.xsd"><leader>     nam a22        4500</leader><controlfield tag="001">001686026</controlfield><controlfield tag="003">NNU</controlfield><controlfield tag="006">m        d        </controlfield><controlfield tag="007">cr cn |||m|||a</controlfield><controlfield tag="008">150313s1963    sy      o     000 0 ara d</controlfield><datafield ind1=" " ind2=" " tag="040"><subfield code="a">NNU</subfield><subfield code="b">eng</subfield><subfield code="c">NNU</subfield></datafield><datafield ind1=" " ind2=" " tag="043"><subfield code="a">n------</subfield><subfield code="a">s------</subfield><subfield code="a">e------</subfield></datafield><datafield ind1=" " ind2=" " tag="066"><subfield code="c">(3</subfield></datafield><datafield ind1=" " ind2=" " tag="090"><subfield code="a">PJ8020</subfield><subfield code="b">.Q8</subfield></datafield><datafield ind1="1" ind2=" " tag="100"><subfield code="6">880-01</subfield><subfield code="a">Qun&#7779;ul, Ily&#257;s</subfield></datafield><datafield ind1="1" ind2="0" tag="245"><subfield code="6">880-02</subfield><subfield code="a">Adab al-mughtarib&#299;n</subfield><subfield code="h">[electronic resource] /</subfield><subfield code="c">Ily&#257;s Qun&#7779;ul.</subfield></datafield><datafield ind1=" " ind2=" " tag="260"><subfield code="6">880-03</subfield><subfield code="a">Dimashq :</subfield><subfield code="b">Wiz&#257;rat al-Thaq&#257;fah wa-al-Irsh&#257;d al-Qawm&#299;, Mud&#299;r&#299;yat al-Ta&#700;l&#299;f wa-al-Tarjamah,</subfield><subfield code="c">1963.</subfield></datafield><datafield ind1=" " ind2=" " tag="300"><subfield code="a">online resource (103 p.)</subfield></datafield><datafield ind1="0" ind2=" " tag="490"><subfield code="6">880-04</subfield><subfield code="a">Silsilat al-thaq&#257;fah al-sha&#699;b&#299;yah ;</subfield><subfield code="v">8</subfield></datafield><datafield ind1=" " ind2=" " tag="500"><subfield code="a">Part of the Arabic Collections Online (ACO) project, contributed by New York Univeristy Libraries.</subfield></datafield><datafield ind1=" " ind2=" " tag="533"><subfield code="a">Electronic reproduction.</subfield><subfield code="b">New York, N.Y. :</subfield><subfield code="c">New York University,</subfield><subfield code="d">2015.</subfield><subfield code="5">NNU</subfield></datafield><datafield ind1=" " ind2="0" tag="650"><subfield code="a">Arabic literature</subfield><subfield code="z">America</subfield><subfield code="x">History and criticism.</subfield></datafield><datafield ind1=" " ind2="0" tag="650"><subfield code="a">Arabic literature</subfield><subfield code="z">Europe</subfield><subfield code="x">History and criticism.</subfield></datafield><datafield ind1="2" ind2=" " tag="710"><subfield code="a">New York University.</subfield><subfield code="b">Libraries.</subfield></datafield><datafield ind1="0" ind2=" " tag="730"><subfield code="a">Arabic Collections Online.</subfield></datafield><datafield ind1="0" ind2="8" tag="776"><subfield code="i">Print version:</subfield><subfield code="a">Qun&#7779;ul, Ily&#257;s 880-01</subfield><subfield code="t">Adab al-mughtarib&#299;n</subfield><subfield code="w">(NNU)001686026</subfield></datafield><datafield ind1="4" ind2="0" tag="856"><subfield code="u">http://hdl.handle.net/2333.1/7sqv9vgj</subfield></datafield><datafield ind1="1" ind2=" " tag="880"><subfield code="6">100-01/</subfield><subfield code="a">&#1602;&#1606;&#1589;&#1604;&#1548; &#1573;&#1604;&#1610;&#1575;&#1587;.</subfield></datafield><datafield ind1="1" ind2="0" tag="880"><subfield code="6">245-02/</subfield><subfield code="a">&#1571;&#1583;&#1576; &#1575;&#1604;&#1605;&#1594;&#1578;&#1585;&#1576;&#1610;&#1606; /</subfield><subfield code="c">&#1575;&#1604;&#1610;&#1575;&#1587; &#1602;&#1606;&#1589;&#1604;.</subfield></datafield><datafield ind1=" " ind2=" " tag="880"><subfield code="6">260-03/</subfield><subfield code="a">&#1583;&#1605;&#1588;&#1602; :</subfield><subfield code="b">&#1608;&#1586;&#1575;&#1585;&#1577; &#1575;&#1604;&#1579;&#1602;&#1575;&#1601;&#1577; &#1608;&#1575;&#1604;&#1575;&#1585;&#1588;&#1575;&#1583; &#1575;&#1604;&#1602;&#1608;&#1605;&#1610;&#1548; &#1605;&#1583;&#1610;&#1585;&#1610;&#1577; &#1575;&#1604;&#1578;&#1571;&#1604;&#1610;&#1601; &#1608;&#1575;&#1604;&#1578;&#1585;&#1580;&#1605;&#1577;&#1548;</subfield><subfield code="c">&#1633;&#1641;&#1638;&#1635;.</subfield></datafield><datafield ind1="0" ind2=" " tag="880"><subfield code="6">490-04/</subfield><subfield code="a">&#1587;&#1604;&#1587;&#1604;&#1577; &#1575;&#1604;&#1579;&#1602;&#1575;&#1601;&#1577; &#1575;&#1604;&#1588;&#1593;&#1576;&#1610;&#1577; &#1563;</subfield><subfield code="v">&#1640;</subfield></datafield><datafield ind1=" " ind2=" " tag="959"><subfield code="a">NNU</subfield><subfield code="b">WEB</subfield><subfield code="c">GENI</subfield><subfield code="t">0</subfield><subfield code="m">Electronic access</subfield><subfield code="s">01</subfield></datafield><datafield ind1=" " ind2=" " tag="999"><subfield code="i">NNU_001686026</subfield><subfield code="s">nyu_aco000585</subfield><subfield code="e">(ERROR-SERIES)</subfield></datafield></record>